@book{hymnbook1925,
  title={Bonhkaw Shinhkaw Kamui Tu Li [Lahu Hymn Book]},
  author={Anonymous},
  address={Rangoon},
  publisher={American Baptist Missionary Press},
  year=1925
}

@book{chao1965grammar,
  title={A grammar of spoken Chinese.},
  author={Chao, Yuen Ren},
  year=1965,
  location={Berkeley and Los Angeles},
  publisher={University of California Press}
}
@book{partridge2006dictionary,
  title={A dictionary of slang and unconventional English},
  author={Partridge, Eric},
  year={2006},
  publisher={Routledge}
}

@book{cushing1881shan,
  title={A Shan and English dictonary},
  author={Cushing, Josiah Nelson},
  year={1881/1914},
  address={Rangoon},
  publisher={Baptist Mission Press},
  notes={Reprinted 1914}
}

@book{haas1964thai,
  title={Thai-English students' dictionary},
  author={Haas, Mary Rosamond},
  year=1964,
  publisher={Stanford University Press}
}

@book{judson1966,
  title={Burmese-English Dictionary},
  author={Judson, Adoniram},
  year=1966,
  address={Rangoon},
  publisher={Baptist Board of Publications},
  edition={Centenary},
  notes={2nd reprinting}
}

@book{lewis1962,
  title={G'uisha ve Li-hpu Awsuh [New Testament in Lahu]},
  author={Lewis, Paul},
  address={Rangoon},
  year=1962,
  publisher={British and Foreign Bible Society}
}

@book{lewis1986,
  title={Lahu-English-Thai dictionary},
  author={Lewis, Paul},
  address={Thailand Lahu Baptist Convention, Bangkok},
  year=1986,
  publisher={Darnsutha Press}
}

@book{matisoff2006english,
  title={English-Lahu Lexicon},
  author={Matisoff, James A},
  volume=139,
  year=2006,
  publisher={University of California Press},
  shorthand=ELL
}

@article{matisoff1969lahu,
  title={Lahu bilingual humor},
  author={Matisoff, James A},
  journal={Acta Linguistica Hafniensia},
  volume=12,
  number=2,
  pages={171--206},
  year=1969,
  address=Copenhagen,
  publisher={Taylor \& Francis}
}

@book{matisoff1973bilingual,
  title={The little crabs who walked zig-zag},
  year=1973,
  author={Matisoff, James A},
  notes={Fable translated from the Lahu},
  address={Boston},
  publisher={Houghton Mifflin Co.}
}

@book{matisoff1973grammar,
  title={The grammar of Lahu},
  author={Matisoff, James A},
  volume=75,
  year={1973/1982},
  location={Berkeley, Los Angeles, London},
  publisher={University of California Press},
  notes={Reprinted with addenda and corrigenda (1982)}
}

@inproceedings{matisoff1979trickster,
  title={Trickster and the Village Women: A Psychosymbolic Discourse Analysis of a Lahu Picaresque Story},
  author={Matisoff, James A},
  booktitle={Annual Meeting of the Berkeley Linguistics Society},
  volume=5,
  pages={593--636},
  year=1979
}

@article{matisoff1984,
  title={Some problems in the orthography of Lahu},
  year=1984,
  author={Matisoff, James A},
  journal={Minzu Yuwen}
  notes={Translated into Chinese by Zhao Yansun (The English original is unpublished)}
}